@ARTICLE{fuzzyintro,
	author = {Luciana Takata Gomes, Laécio Carvalho de Barros \& Barnabas Bede},
	title = {Fuzzy Differential Equations in Various Approaches},
	journal = {Maths},
	year = {2015},
	volume = {1},
	pages = {11-38}
}

@ARTICLE{apuntesfuzzy,
	author = {Jesus Medina Moreno \& Elena Medina Reus},
	title  = {Apuntes de modelización matemática},
	journal = {Maths},
	year    = {2018},
	volume  = {3},
	pages   = {1-20}
}

@ARTICLE{banachfuzzy,
	author = {M. Puri, D. Ralescu},
	title  = {Fuzzy random variables},
	journal = {Maths},
	volume  = {1},
	pages   = {409-422},
	year    = {1986}
}

@ARTICLE{fuzzyeqn,
	author = {Samuel Corveleyn},
	title  = {THE NUMERICAL SOLUTION OF ELLIPTIC PARTIAL DIFFERENTIAL EQUATIONS WITH FUZZY COEFFICIENTS},
	year   = {2014}
}